@article{TurchinSupercompilerConcept,
author = {Turchin, Valentin F.},
title = {The Concept of a Supercompiler},
year = {1986},
issue_date = {June 1986},
publisher = {Association for Computing Machinery},
address = {New York, NY, USA},
volume = {8},
number = {3},
issn = {0164-0925},
url = {https://doi.org/10.1145/5956.5957},
doi = {10.1145/5956.5957},
journal = {ACM Trans. Program. Lang. Syst.},
month = jun,
pages = {292â€“325},
numpages = {34}
}
